%*******************************************************
%** BibTeX-File                                       **
%*******************************************************
%
%
% BibTex article blocks taken from:
%    http://www.slac.stanford.edu/spires/hep/search/
%
% For BibTex templates, see:
%    http://netlib.bell-labs.com/netlib/bibnet/tools/examples/template.bib.gz
%
@article{Jentsch:2021qdp,
    author = "Jentsch, Alexander and Tu, Zhoudunming and Weiss, Christian",
    title = "{Deep-inelastic electron-deuteron scattering with spectator nucleon tagging at the electron-ion collider. Extracting free nucleon structure}",
    eprint = "2108.08314",
    archivePrefix = "arXiv",
    primaryClass = "hep-ph",
    reportNumber = "JLAB-THY-21-3485",
    journal = "",
    month = "8",
    year = "2021"
}